
@online{code,
    title = {Code for this project},
    author = {Nikolaj Roager Christensen},
    year = {2023},
    url = {https://github.com/nikolajRoager/lattice2D}
}


@article{arma,
  title={Armadillo: a template-based C++ library for linear algebra},
  author={Conrad Sanderson and Ryan R. Curtin},
  journal={J. Open Source Softw.},
  year={2016},
  volume={1},
  pages={26}
}

@article{Nielsen2021,
  title = {Squeezing anyons for braiding on small lattices},
  author = {Srivatsa, N. S. and Li, Xikun and Nielsen, Anne E. B.},
  journal = {Phys. Rev. Research},
  volume = {3},
  issue = {3},
  pages = {033044},
  numpages = {9},
  year = {2021},
  month = {Jul},
  publisher = {American Physical Society},
  doi = {10.1103/PhysRevResearch.3.033044},
  url = {https://link.aps.org/doi/10.1103/PhysRevResearch.3.033044}
}
